@misc{what-is-turing-complete,
  title = {What is Turing Complete?},
  howpublished = {\url{https://www.bitstamp.net/learn/blockchain/what-is-turing-complete/}},
  author = {Bitstamp},
  key = {1}
}

@misc{latex-turing-completeness,
  title = {LaTeX is More Powerful than you Think - Computing the Fibonacci Numbers and Turing Completeness},
  howpublished = {\url{https://www.overleaf.com/learn/latex/Articles/LaTeX_is_More_Powerful_than_you_Think_-_Computing_the_Fibonacci_Numbers_and_Turing_Completeness#:\textasciitilde:text=LaTeX\%20is\%20a\%20powerful\%20tool,to\%20compute\%20just\%20about\%20anything.}},
  author = {Robert Murrish},
  key = {2}
}

@misc{tex-turing-complete,
  title = {Are there any disadvantages of TeX being Turing complete?},
  howpublished = {\url{https://tex.stackexchange.com/questions/58042/are-there-any-disadvantages-of-tex-being-turing-complete}},
  author = {Stephan Lehmke},
  key = {3}
}

@misc{rice-theorem,
  title = {Rice's theorem},
  howpublished = {\url{https://en.wikipedia.org/wiki/Rice\%27s_theorem}},
  author = {Wikipedia},
  key = {4}
}

@misc{esolang-wiki,
  title = {Esoteric programming language},
  howpublished = {\url{https://esolangs.org/wiki/Esoteric_programming_language}},
  author = {Esolang Wiki},
  key = {5}
}

@misc{turing-tarpit,
  title = {Turing tarpit},
  howpublished = {\url{https://esolangs.org/wiki/Turing_tarpit}},
  author = {Esolang Wiki},
  key = {6}
}

@misc{hello-world-esolang,
  title = {Hello, world!},
  howpublished = {\url{https://esolangs.org/wiki/Hello,_world!}},
  author = {Esolang Wiki},
  key = {7}
}

@misc{category-quantum-computing,
  title = {Category:Quantum computing},
  howpublished = {\url{https://esolangs.org/wiki/Category:Quantum_computing}},
  author = {Esolang Wiki},
  key = {8}
}

@misc{colonoscopy-esolang,
  title = {Colonoscopy},
  howpublished = {\url{https://esolangs.org/wiki/Colonoscopy}},
  author = {Esolang Wiki},
  key = {9}
}

@misc{i-like-frog-esolang,
  title = {I like frog},
  howpublished = {\url{https://esolangs.org/wiki/I_like_frog}},
  author = {Esolang Wiki},
  key = {10}
}

@misc{programming-language,
  title = {Programming language},
  howpublished = {\url{https://www.computerhope.com/jargon/p/programming-language.htm}},
  author = {Computer Hope},
  key = {11}
}

@misc{what-is-shell,
  title = {What is a Shell in Computing?},
  howpublished = {\url{https://dataconomy.com/2022/09/02/what-is-a-shell-in-computing/}},
  author = {Eray Eliaçık},
  key = {12}
}

@misc{alf-paradigm,
  title = {What is ALF?},
  howpublished = {\url{https://seattlewebsitedevelopers.medium.com/what-is-alf-930ba1b76610}},
  author = {Seattle Website Developer},
  key = {13}
}

@misc{visual-logic,
  title = {Visual logic},
  howpublished = {\url{https://www.simul8.com/support/help/doku.php?id=features:visual_logic:commands}},
  author = {Simul8},
  key = {14}
}

@misc{drmemory,
  title = {DrMemory},
  howpublished = {\url{https://drmemory.org}},
  author = {DrMemory},
  key = {15}
}
